@book{moag,
  editor    = {Moag, Rodney F.},
  title     = {Malayalam: A University Course and Reference Grammar},
  year      = {1994},
  address   = {Austin},
  publisher = {University of Texas, Center for Asian Studies}
}
@book{asherKumari,
  title={Malayalam},
  author={Asher, Ronald E. and Kumari, T. C.},
  year={1997},
  publisher={Psychology Press}
}
